<record><leader>00000cas a22000007a 4500</leader><controlfield tag="001">18102194</controlfield><controlfield tag="008">880617d18961905ohuwr ne      0    0eng d</controlfield><datafield ind1=" " ind2=" " tag="010"><subfield code="a">sn 88077512 </subfield></datafield><datafield ind1=" " ind2=" " tag="040"><subfield code="a">ONP</subfield><subfield code="b">eng</subfield><subfield code="c">ONP</subfield><subfield code="d">OCLCQ</subfield></datafield><datafield ind1=" " ind2=" " tag="042"><subfield code="a">msc</subfield></datafield><datafield ind1="0" ind2="0" tag="245"><subfield code="a">Madison County Republican vigilant.</subfield></datafield><datafield ind1=" " ind2=" " tag="260"><subfield code="a">London, Madison County, Ohio :</subfield><subfield code="b">Republican Pub. Co.,</subfield><subfield code="c">1896-</subfield></datafield><datafield ind1=" " ind2=" " tag="310"><subfield code="a">Weekly</subfield></datafield><datafield ind1="0" ind2=" " tag="362"><subfield code="a">Vol. 11, no. 38 (Oct. 7, 1896)-</subfield></datafield><datafield ind1="1" ind2=" " tag="362"><subfield code="a">Ceased in July 1905.</subfield></datafield><datafield ind1=" " ind2=" " tag="752"><subfield code="a">United States</subfield><subfield code="b">Ohio</subfield><subfield code="c">Madison</subfield><subfield code="d">London.</subfield></datafield><datafield ind1="0" ind2="0" tag="780"><subfield code="t">London vigilant</subfield><subfield code="w">(DLC)sn 88077511</subfield></datafield></record>